3464 5310
333 430 397 491 226
848 425 1056 494 immori!

423 608 515 671 1518.
540 606 602 690 ήόη
635 606 703 691 νῦν]
727 607 810 671 Fert.
826 613 883 671 νῦν
898 609 976 691 ἤδη,
1001 607 1086 692 qued
1103 608 1219 692 legitur
1234 606 1561 673 11152953211111.

423 699 516 760 1519.
541 695 609 780 γῆς]
634 693 692 773 QU.
716 695 815 760 πάντ’.

422 787 516 850 1580.
540 787 691 868 ὑφαντοῖς
716 785 774 870 -]
814 784 859 849 01.
894 785 988 870 Soph.
1020 787 1068 850 Tr.
1099 787 1193 850 1051.
1226 786 1383 869 Ἐρινύων
1419 785 1562 868 ύφοντὸν

331 875 578 958 ἀμφίβληστρον.
611 877 660 958 Aj.
687 876 782 938 1034.
815 873 867 958 ἀρ’
891 877 951 938 ούκ
970 875 1095 957 Ἐρινύς
1126 875 1209 938 τοῦτ’
1241 877 1410 958 έχάλκευσε
1438 877 1529 957 ξίφος
1555 871 1559 961 i

330 965 477 1028 κάκεῖνον
494 965 602 1048 Ἅιδης
626 965 821 1047 δημιουργὸς
844 966 969 1047 ἀγριος,·
1014 963 1116 1050 Supra
1141 966 1234 1028 1084.
1265 966 1392 1029 δίκτυον
1406 963 1560 1027 -Ἅιδα,

422 1073 515 1135 1585.
539 1073 637 1135 αὐτοῦ
660 1072 686 1134 τ’
710 1091 783 1136 mss.
807 1072 905 1135 αὑτοῦ
929 1071 958 1134 δ’
974 1071 1083 1136 Elmsl.
1101 1073 1140 1135 ad
1153 1072 1236 1136 Med.
1250 1073 1323 1136 940.
1337 1071 1430 1135 Dind.
1453 1070 1561 1136 Recte.

423 1162 516 1224 1589.
540 1161 575 1225 τὸ
597 1161 643 1244 μὴ
669 1161 727 1246 -]
752 1158 796 1224 01.
820 1162 861 1224 ad
885 1160 988 1225 Prom.
1014 1162 1086 1224 236.

424 1251 517 1313 1590.
542 1250 652 1314 Scribe
676 1252 787 1314 αὐτοῦ·
812 1253 896 1324 ξένια
922 1250 956 1314 ἀὲ
980 1257 1037 1314 etc.

422 1340 515 1403 1591.
539 1341 722 1422 προθύμως
748 1340 870 1422 μᾶλλον
898 1343 917 1423 ἢ
946 1340 1063 1425 φίλως]
1097 1340 1141 1403 01
1165 1339 1240 1404 Eur.
1265 1339 1348 1403 Med.
1372 1341 1445 1403 485.
1479 1339 1561 1421 πρό-

331 1430 438 1511 θυμος
460 1429 582 1511 μᾶλλον
605 1431 635 1506 (i.
653 1449 678 1492 e.
702 1431 942 1511 προθυμοτέρα)
963 1431 1178 1512 ήσοφωτέρσ.
1268 1430 1407 1512 μόχθων
1424 1467 1465 1474 -
1482 1427 1560 1512 ἄλις]

330 1519 468 1600 μόχθων
492 1555 533 1564 -
558 1519 638 1588 ἄκος
660 1517 845 1582 Doneidscn
870 1519 909 1581 ad
933 1517 1027 1602 Soph.
1051 1521 1126 1582 Ant
1154 1520 1247 1581 1241.

424 1609 517 1670 1592.
542 1607 719 1689 κρεουργὸν
751 1607 856 1692 ἦμαρ]
890 1608 934 1671 01.
959 1607 1034 1671 0110.
1060 1609 1132 1670 252.
1165 1609 1337 1691 βουθύτοις
1369 1609 1402 1671 έν
1435 1609 1561 1691 ήμσσιν.

332 1695 405 1759 Eur.
434 1696 505 1760 Hel.
538 1697 631 1759 1414.
668 1697 831 1779 βούθυτον
868 1698 999 1780 ἁμέραν.
1033 1695 1127 1781 Soph.
1155 1698 1204 1760 Tr.
1234 1698 1306 1761 609.
1345 1699 1449 1780 ἡμέρᾳ
1485 1721 1561 1760 ταυ-

331 1808 496 1868 90099119·

422 1893 507 1955 1591
520 1913 565 1976 sq.
599 1891 708 1956 Simile
742 1895 893 1977 Astyagis
924 1895 1048 1957 facinus
1080 1900 1187 1956 narrat
1217 1892 1400 1958 Herodotus
1427 1894 1452 1957 Ι.
1479 1894 1562 1974 119,

331 1983 386 2063 qui
410 1982 559 2066 Harpego
583 1989 654 2066 post
681 2003 823 2046 comesus
851 1982 910 2045 filii
933 2003 1045 2046 cernes
1069 1983 1191 2046 ostendi
1216 1985 1313 2065 ‚jussit
1338 1984 1394 2065 τήν
1417 1982 1562 2066 κεφαλὴν

330 2077 385 2134 τοῦ
409 2071 524 2141 παιδὸς
546 2072 872 2154 κατακεκαλυμμένην
894 2073 949 2135 καὶ
971 2073 1026 2142 τὰς
1049 2079 1156 2155 χεῖρας
1178 2072 1230 2135 καὶ
1253 2072 1327 2142 τοὺς
1350 2072 1461 2142 πόδας.

374 2160 514 2244 ποδήρη]
539 2161 583 2224 01.
608 2162 681 2224 898.
710 2162 821 2224 στῦλον
843 2161 980 2244 ποδήρη.
1009 2160 1109 2225 Streb.
1134 2161 1267 2225 1Π.1111.
1300 2162 1450 2244 ποδήρεις
1474 2161 1560 2224 ἔνδε-

331 2249 461 2318 δυκότες
484 2250 557 2320 τοὺς
579 2256 722 2332 χιτῶνας.
813 2252 934 2332 ἄκρους
956 2250 1078 2336 κτένας]
1102 2251 1126 2314 Ι.
1151 2271 1176 2315 e.
1199 2252 1372 2333 φάλαγγας.

422 2358 516 2420 1595.
540 2356 671 2438 ἔθρυπτ’
704 2359 833 2421 ἀνωθεν
870 2378 942 2422 mss.
980 2359 1108 2440 ἔκρυπτ’
1146 2359 1275 2422 ἄνωθεν
1307 2357 1404 2422 8111111.
1436 2357 1561 2440 Tyrwh.

200 2527 205 2533 Ι
330 2445 458 2527 ἕκρυπτ’
491 2447 626 2510 ἄνευθεν
657 2455 741 2510 reete
778 2447 890 2511 Blomf.
923 2447 1027 2511 Karst.
1060 2447 1191 2530 ἔθρυπτ’
1228 2449 1357 2511 ἀνωθεν
1398 2445 1562 2530 ἀνθρακάς

332 2535 526 2617 δατούμενος
548 2535 670 2599 Weckl.
761 2537 947 2618 καθήμενος
970 2543 1054 2601 recte
1075 2557 1148 2600 mss.
1172 2538 1368 2619 καθημένοις
1385 2535 1561 2600 Oasauben.

331 2621 378 2706 De
413 2643 447 2687 re
479 2626 516 2688 cf.
544 2625 663 2709 Hygin.
693 2624 766 2688 Feb.
796 2627 846 2688 88.
885 2626 962 2706 ‘qui
1001 2646 1114 2708 quum
1152 2632 1384 2706 vesceretur,
1417 2628 1562 2689 Atreus

331 2715 536 2797 imperavit
558 2713 711 2777 brachia
734 2721 771 2778 et
802 2735 866 2777 cra
889 2735 1091 2798 puerorum
1116 2715 1268 2779 afferri?
1292 2715 1332 2779 II.
1348 2715 1423 2798 Reg.
1438 2715 1496 2778 IX.
1508 2717 1561 2776 35.

331 2802 385 2864 καί
413 2803 637 2886 ἐπορεύθησαν
664 2805 770 2884 θάψαι
798 2804 894 2878 αὐτὸν
926 2805 980 2867 καὶ
1013 2806 1072 2887 οὐχ
1105 2803 1200 2887 εὗρον
1228 2806 1261 2868 έν
1288 2806 1367 2888 αὐτῇ
1391 2804 1467 2867 ἄλλο
1489 2828 1516 2866 τι
1539 2807 1561 2886 ἢ

330 2891 366 2953 τὸ
389 2894 520 2972 κρανίον
543 2893 596 2955 καὶ
620 2894 650 2955 οῖ
672 2893 770 2962 πόδες
792 2893 845 2956 καὶ
868 2893 905 2956 τά
930 2895 999 2976 ἴχνη
1024 2900 1087 2957 τῶν
1110 2899 1234 2976 χειρῶν.

423 2982 516 3044 1596.
540 2983 648 3064 ἄσημα
673 2981 702 3044 δ’
726 2983 833 3045 αύτῶν
856 3001 928 3045 mss.
968 2982 1040 3066 Leg.
1064 2984 1189 3065 τᾶσημα
1214 2982 1242 3046 δ’
1266 2984 1380 3046 αὐτῶν.

423 3063 516 3134 1591.
540 3072 586 3140 ῶς
610 3072 689 3153 ὁρᾷς
714 3070 804 3154 γένει]
833 3070 906 3154 Leg.
931 3073 949 3135 ὁ
973 3073 1103 3154 σπείρας
1135 3074 1239 3156 πατήρ
1263 3073 1398 3154 (γονεύς,
1431 3072 1561 3152 τοκεύς).

330 3158 410 3222 Jure
434 3160 468 3222 in
491 3160 622 3243 vulgate
644 3161 816 3223 haeserunt
838 3161 930 3224 Both.
955 3161 1100 3225 Karsten.

423 3268 515 3329 1599.
540 3269 580 3329 ἄν
595 3269 695 3330 πίπτει
712 3267 741 3330 δ’
758 3267 822 3330 ἀπὸ
839 3275 964 3351 σφαγῆς
985 3271 1070 3351 ἐρῶν
1085 3289 1158 3332 mse.
1176 3269 1324 3351 ἀμπίπτει
1341 3267 1560 3332 δ’-011111111Ι

331 3355 478 3438 ἀμπίπτει
500 3354 526 3417 τ’
550 3356 614 3418 ἀπὸ
646 3357 773 3439 σφαγήν
805 3358 889 3439 ε’ρῶν
912 3359 948 3438 (1.
965 3378 990 3420 c.
1015 3359 1158 3441 ἀπερῶν,
1193 3363 1227 3420 111
1250 3359 1380 3440 ἐξερῶν)
1413 3357 1559 3422 Karsten.

331 3442 389 3519 Qu.
414 3446 561 3526 ἀμπίπτει
583 3470 615 3508 τε
642 3445 697 3516 τὰς
720 3447 845 3528 σφαγὰς
873 3448 940 3530 (τὴν
963 3448 1098 3530 σφαγὴν,
1127 3455 1182 3530 τῆς
1205 3445 1341 3530 σφαγῆς]
1365 3449 1461 3529 ἐμῶν.
1501 3444 1560 3521 Qu.

330 3537 450 3616 ᾤμωξε
482 3535 650 3617 κάμπίπτει
682 3534 750 3617 κρέ’
778 3538 814 3599 ἐκ
849 3544 974 3619 σφαγῆς
1007 3538 1103 3619 ε’μῶν.
1143 3537 1187 3600 01.
1217 3536 1335 3619 Phryn.
1359 3537 1400 3600 ΙΙ.
1425 3537 1497 3600 318.
1531 3533 1561 3599 ὦ

329 3624 475 3706 μαλάχας
511 3625 570 3706 μὲν
604 3626 727 3707 έξεμῶν
760 3626 895 3707 (ἐξερῶν
923 3625 1231 3710 11111111ρῶν]
1264 3627 1352 3708 ἐμῶν
1384 3627 1462 3689 Aur.
1501 3625 1560 3702 Qu.

330 3737 457 3777 τεκνῶν.

422 3820 515 3883 1000.
540 3819 613 3902 Leg.
636 3821 671 3882 τ’.

422 3909 515 3971 1002.
541 3911 643 3978 οὕτως
667 3911 796 3973 ὀλέσθαι
819 3910 957 3973 1111111111.
982 3913 1021 3973 ad
1046 3911 1138 3995 Seph.
1162 3910 1210 3974 El.
1235 3912 1308 3973 830.

423 3999 515 4060 1905.
539 4001 641 4082 τρίτον
669 3999 730 4082 γὰρ
754 3999 813 4082 -]
841 3999 891 4064 lta
914 4000 1018 4064 Prem.
1044 4002 1116 4063 774.
1144 4003 1244 4083 τρίτος
1273 4025 1307 4082 γε
1335 4002 1447 4082 γένναν
1479 4000 1561 4084 πρὸς

331 4086 397 4150 δέκ’
426 4088 562 4150 ἄλλαισιν
595 4096 709 4170 γοναῖς.
754 4088 811 4164 Qu.
838 4091 940 4170 τρίτον
968 4090 1028 4172 γὰρ
1057 4091 1131 4152 ὄντα
1160 4091 1258 4153 παῖάύ
1281 4089 1316 4172 μ’
1340 4090 1444 4172 ἀθλίῳ
1467 4093 1563 4172 πατρί

331 4182 386 4240 aut
408 4213 447 4222 -
470 4178 544 4240 ἄντα
569 4178 604 4259 μ’
632 4179 699 4260 ἄμα
732 4179 903 4260 τρισαθλίῳ
935 4181 1036 4260 πατρί.
1128 4180 1178 4242 ἐπὶ
1211 4179 1260 4242 δύ’
1289 4180 1393 4262 ἀθλίῳ
1425 4181 1560 4243 AhrenS.

331 4267 380 4328 ἐπὶ
413 4266 576 4347 δυσαθλίῳ
606 4268 641 4330 (i.
666 4268 697 4329 0.
721 4266 771 4329 W.
797 4267 978 4331 Schneider.
1014 4268 1064 4332 ἐπὶ
1095 4269 1267 4350 τρισαθλίῳ
1295 4268 1391 4332 Mein.
1430 4267 1488 4333 οὖν
1518 4293 1561 4351 με

330 4355 416 4418 παῖδ’
441 4356 482 4418 ἔτ’
506 4356 609 4437 ἀθλίῳ
633 4356 759 4420 Devics.
792 4356 889 4419 αὐτὸν
921 4359 995 4419 ὄντα
1022 4357 1057 4439 μ’
1082 4359 1186 4440 ἀθλίῳ
1212 4357 1384 4422 Wecklein.
1417 4359 1492 4422 ἄντα
1520 4383 1561 4440 με

329 4447 439 4508 τέκνον
455 4445 500 4528 (μ’
517 4445 595 4517 υἱὸν,
611 4446 720 4522 παῖδα)
737 4445 841 4526 ἀθλίῳ
856 4446 1062 4510 Herwerden.
1087 4449 1177 4528 ἔρνος
1193 4448 1297 4529 ἀθλίῳ
1313 4446 1345 4510 F.
1359 4447 1395 4511 G.
1409 4447 1560 4512 Schmidt.

422 4535 514 4597 11108.
539 4537 674 4617 θυραῖος
697 4534 755 4618 ὢν]
779 4535 803 4597 I·
828 4553 853 4598 e.
877 4537 991 4618 καίπερ
1016 4537 1053 4598 ού
1077 4539 1201 4619 παρών.
