3454 5280
614 447 808 492 εαοκιααεσε
831 446 968 492 ταισιτιε.
1361 425 1403 488 33

266 606 340 669 610.
364 605 532 688 ἐμπλέκων
556 604 728 689 αἰνίγματ’]
753 605 798 670 01.
822 606 953 688 Antiph.
978 625 1057 669 com.
1081 605 1138 669 ΠΙ.
1165 605 1237 666 121.
1261 611 1407 669 ποιοῦσιν

177 695 384 777 ἐμπλέκοντες
416 694 562 777 ἀλλότρια
593 695 683 778 μέλη.
716 695 810 759 Babr.
834 693 909 759 nab.
937 695 1009 776 119,
1035 694 1084 758 ll.
1117 693 1171 756 καὶ
1202 693 1276 764 τοὺς
1308 693 1407 764 θεούς

178 783 330 854 Αἴσωπος
353 783 500 867 έμπλέκει
522 785 650 867 μύθοις.

267 892 340 954 611.
364 892 459 973 οἴγειν
482 890 600 975 στόμα]
630 891 674 960 01.
698 891 795 954 Arist.
819 891 879 954 Av.
906 891 999 954 1724.
1028 889 1164 971 ἀνοίγειν
1192 889 1278 972 ἱερὸν
1306 891 1405 974 εὔφη-

176 1004 240 1062 μον
268 981 378 1062 στόμα.
406 980 456 1062 Aj.
483 980 577 1043 1225.
603 980 715 1044 σκαιὸν
739 980 882 1044 έκλύσων
906 980 1015 1063 στόμα.
1043 979 1138 1064 Hipp.
1157 979 1251 1043 1060.
1274 981 1303 1043 τί
1323 979 1406 1063 θῆτα

176 1069 297 1152 τούμὸν
319 1070 359 1133 ού
382 1069 450 1132 λύω
471 1070 572 1152 στόμα
579 1094 590 1145 ,·

268 1159 340 1221 612.
363 1158 466 1242 πυρὸς
492 1160 619 1243 βροτοῖς
643 1157 767 1243 δοτῆρ’]
801 1159 845 1222 01.
870 1159 945 1222 Eur.
968 1158 1084 1223 Bacch.
1109 1160 1182 1222 572.
1214 1157 1269 1222 τὸν
1301 1158 1405 1222 εύύαι-

176 1249 289 1331 μανίας
311 1249 438 1330 βροτοῖς
461 1247 645 1330 ὀλβοδόταν.

268 1356 340 1419 613.
365 1352 394 1418 ὦ
421 1355 530 1419 κοινὸν
555 1353 613 1440 -]
652 1355 696 1420 01.
725 1355 903 1437 11ιὶ3186.
927 1357 1001 1419 836.
1039 1354 1068 1420 ὦ
1096 1361 1192 1420 πᾶσιν
1220 1355 1407 1438 ἀνθρώποις

177 1445 288 1527 φανεὶς
310 1446 457 1526 μέγιστον
480 1444 647 1528 ὠφέλημα.
673 1446 744 1508 149.
761 1445 835 1508 458.
854 1445 948 1508 1319.
968 1443 1085 1508 Eubul.
1101 1444 1159 1508 III.
1177 1445 1249 1508 222.
1273 1443 1303 1508 ὦ
1324 1445 1407 1528 μέγα

176 1557 233 1616 μοι
257 1571 298 1580 -
322 1539 395 1616 φῶς
418 1533 543 1616 φανθέν
566 1535 703 1616 έναργές.
754 1533 906 1598 Nostmm
934 1535 1091 1618 imitatur,
1121 1541 1158 1598 ut
1180 1535 1320 1615 videtur,
1348 1534 1407 1599 Oo-

178 1643 289 1688 nuens.

268 1731 341 1793 614.
364 1737 420 1795 τού
445 1731 536 1814 ύίκην
558 1732 689 1814 πάσχεις
711 1730 818 1816 τάύε,·]
843 1729 887 1795 01.
912 1731 985 1794 563.
1011 1730 1083 1793 620.

268 1821 341 1883 615.
365 1820 479 1905 ἁρμοῖ]
503 1819 622 1884 Μούο.
662 1820 921 1885 01.’1’1]οοοε.Ι7.
939 1820 989 1882 50.
1014 1821 1034 1882 ἁ
1058 1817 1119 1902 γὰρ
1139 1821 1267 1884 ἄκανθα
1286 1816 1290 1907 1
1308 1821 1411 1903 ἁρμοῖ

177 1909 212 1992 μ’
236 1907 297 1973 ὥθ’
321 1909 448 1983 ἐπάταξ’
477 1909 541 1972 ύπὸ
568 1909 603 1972 τὸ
632 1911 764 1992 σφυρόν.
803 1907 848 1973 01.
876 1909 957 1991 ἄρτι,
986 1909 1109 1992 ἀρτίως.
1148 1909 1241 1994 Soph.
1262 1910 1311 1992 Aj.
1333 1909 1406 1974 799.

178 1998 293 2082 ἀρτίως
316 2000 522 2081 πεπαυμένην
547 1995 551 2086 1
577 1999 688 2062 πόνων
712 1999 862 2080 ἀτρύτων.

269 2106 342 2168 617.
365 2111 430 2168 πᾶν
462 2105 523 2188 γὰρ
555 2107 596 2169 ἂν
627 2105 716 2170 Pom.
749 2105 858 2169 Ehnsl.
892 2105 943 2186 (ad
968 2105 1052 2185 668.)
1095 2105 1201 2170 Recte.
1241 2105 1285 2170 01.
1314 2105 1408 2190 Soph.

178 2193 226 2258 El.
252 2195 347 2258 1022.
370 2200 434 2258 πᾶν
458 2193 520 2278 γὰρ
542 2196 582 2257 ἂν
605 2196 813 2277 κατειργάσω.

269 2302 342 2366 619.
364 2301 528 2386 βούλευμα
554 2303 615 2384 μέν
641 2301 677 2366 τὸ
701 2301 781 2387 ὁῖον]
813 2302 977 2385 βούλευμα
1004 2301 1064 2384 μέν
1087 2301 1162 2372 Διὸς
1184 2301 1251 2366 τόθ’
1274 2302 1406 2387 Burgos.

178 2389 262 2476 Lege
284 2391 448 2474 βούλευμα
475 2393 582 2474 μέντοι
610 2392 673 2472 (τοὶ
694 2393 754 2473 μέν
778 2391 822 2474 γε)
847 2391 923 2455 θῖον.
970 2391 1031 2471 (Ita
1054 2391 1140 2455 colb.
1164 2391 1206 2470 1.]
1244 2391 1306 2456 Vel
1327 2392 1406 2475 βού-

178 2481 279 2562 λευμα
305 2482 366 2563 μέν
393 2481 462 2544 ύῖον
488 2480 564 2544 τόδ’.
604 2480 647 2545 01.
671 2481 768 2545 Arist.
785 2481 842 2562 Eq.
860 2481 932 2544 108.
961 2479 990 2543 ὦ
1015 2480 1129 2563 δαῖμον
1152 2480 1269 2564 ἀγαθὲ,
1293 2480 1350 2546 σὸν
1372 2481 1407 2546 τὸ

177 2569 339 2653 βούλευμ’,
356 2571 416 2634 οὐκ
432 2570 519 2652 έμόν.
547 2569 639 2632 1203.
655 2570 691 2635 τὸ
705 2570 766 2653 μὲν
781 2570 887 2653 νόημα
903 2571 958 2653 τής
973 2570 1067 2643 θεοῦ,
1086 2570 1121 2633 τὸ
1138 2570 1173 2634 δέ
1189 2569 1304 2654 κλέμμ’
1320 2571 1407 2654 ἐμόν.

270 2677 341 2740 620.
366 2675 410 2742 01.
435 2677 507 2740 563.
531 2679 613 2748 τίνος
636 2677 817 2760 ἀμπλακίας
839 2682 963 2748 ποιναῖς
986 2677 1104 2754 ὀλέκει;
1129 2678 1202 2741 614.

270 2767 343 2829 621.
366 2772 517 2831 τοσοῦτον
540 2767 666 2849 ἀρκέσει
688 2768 730 2850 μέ
754 2790 804 2830 σοι
827 2767 998 2850 σαφηνίσαι
1020 2765 1059 2829 V.
1075 2765 1113 2830 D.
1129 2768 1166 2830 in
1181 2767 1279 2831 class,
1294 2767 1407 2831 Joum.

177 2855 203 2919 Ι.
229 2855 279 2919 34.
317 2855 401 2920 Fort.
425 2857 523 2938 ἀρκεῖ.

269 2963 342 3026 624.
365 2961 411 3028 01.
438 2963 488 3028 Fr,
518 2963 591 3026 395.
628 2963 663 3026 τὸ
699 2963 745 3046 μὴ
787 2964 931 3045 γενέσθαι
970 2963 999 3026 δ’
1037 2961 1116 3028 έστλν
1148 2967 1168 3047 ἢ
1200 2964 1376 3047 πεφυκέναι
1401 2960 1406 3050 1

178 3075 333 3136 κρεισσον.

269 3161 341 3224 625.
364 3159 410 3242 μή
433 3161 482 3224 τοί
506 3184 548 3242 με
574 3161 703 3243 κρύψῃς
730 3157 838 3244 τοῦτο]
871 3157 955 3224 Rara
987 3160 1065 3224 haec
1092 3161 1286 3224 oonstmctio
1311 3162 1408 3245 parti-

179 3248 270 3312 culae
292 3271 347 3312 τοι
386 3249 470 3313 Fert
492 3250 538 3333 μή
561 3273 617 3332 μοι
641 3249 836 3332 ἀποκρύψῃς
853 3285 907 3310 -.
949 3248 1012 3313 Sed
1027 3249 1065 3313 cf.
1082 3249 1155 3313 436.
1178 3251 1294 3332 μήτοι
1317 3249 1408 3332 χλιύῇ

179 3338 300 3402 δοκεῖτε
323 3375 365 3384 -
389 3343 480 3420 σιγᾶν
501 3362 550 3420 με.
573 3341 649 3402 Ant.
675 3339 747 3401 544.
770 3340 951 3421 μήτοι-
975 3338 1011 3421 μ’
1035 3339 1196 3422 ἀτιμάσῃς.

269 3428 342 3491 626.
367 3426 412 3492 01.
437 3427 509 3491 584.
541 3427 626 3511 μηδέ
657 3449 713 3510 μοι
746 3429 915 3511 φθονήσῃς
947 3428 1122 3510 εὐγμάτων.
1151 3426 1246 3492 Hero.
1272 3428 1344 3490 333.
1368 3428 1408 3491 ού

179 3517 298 3598 φθονῶ
320 3517 459 3580 πέπλων.

269 3624 342 3686 627.
364 3624 395 3686 τί
416 3623 493 3706 θῆτα
516 3624 637 3707 μέλλεις
661 3623 736 3708 -,·]
771 3621 815 3688 01.
839 3622 931 3708 Soph.
955 3624 1005 3707 Aj.
1031 3624 1103 3688 540.
1136 3625 1165 3687 τί
1195 3624 1273 3706 θῆτα
1304 3623 1408 3706 μέλλει

178 3712 224 3796 μὴ
258 3713 297 3776 ού
329 3713 379 3793 (ού
411 3732 472 3777 om.
495 3713 603 3797 plures
631 3712 716 3791 libri)
752 3714 931 3794 παρουσίαν
967 3714 1064 3796 έχειν;
1101 3712 1175 3778 Eur.
1204 3713 1287 3776 Med.
1314 3713 1407 3776 1238.

178 3803 208 3864 τί
226 3802 383 3885 μέλλομεν
408 3799 412 3888 1
436 3801 473 3864 τὰ
503 3801 588 3866 δεινὰ
617 3801 794 3884 κάναγκαῖα
822 3801 867 3885 μὴ
897 3802 957 3885 (μὴ
983 3802 1021 3866 ού
1050 3807 1135 3866 recte
1159 3801 1279 3882 Elmsl.)
1305 3803 1407 3884 πράσ-

179 3913 243 3954 σειν
274 3891 377 3967 κακύ,·
408 3889 477 3954 Τιο.
503 3892 574 3954 792.
611 3893 693 3962 τίνος
727 3891 877 3973 ένύέομεν
908 3891 954 3974 μὴ
988 3892 1026 3953 οὐ
1061 3892 1219 3972 πανσυδίᾳ
1254 3887 1257 3976 1
1291 3897 1408 3974 χωρεῖν

180 3979 317 4064 ὀλέθρου
342 3979 393 4044 διὰ
421 3979 554 4056 παντύς;
600 3981 688 4044 Infra
713 3981 805 4043 1056.
838 3981 868 4044 τί
897 3980 958 4063 γὰρ
993 3980 1121 4044 ἐλλείπει
1151 3980 1197 4064 μὴ
1232 3981 1271 4042 ού
1303 4003 1406 4062 παρα-

178 4071 280 4134 παλειν
304 4094 363 4146 —,·
397 4070 469 4134 787.
493 4069 554 4134 οὐκ
586 4071 814 4152 ἐναντιώσομαι
839 4065 843 4154 1
868 4069 904 4132 τὸ
935 4069 981 4152 μὴ
1016 4069 1054 4132 ού
1089 4075 1237 4152 γεγωνεῖν
1264 4075 1328 4132 πᾶν
1352 4107 1408 4132 -.

179 4159 275 4223 etad
297 4159 404 4223 Trach.
430 4159 480 4221 90.
572 4159 783 4242 γεγωνίσκειν]
813 4158 857 4222 01.
881 4159 956 4222 Eur.
980 4158 1027 4222 El.
1045 4158 1119 4221 809.
1143 4159 1182 4222 ού
1206 4160 1408 4241 γεγωνίσκων

178 4247 302 4330 λόγους.
342 4247 438 4312 Τλιαο.
461 4247 533 4312 7Π.
559 4247 609 4311 76.
641 4248 839 4332 βουλόμενος
870 4248 917 4318 ὡς
949 4247 999 4310 ἐπὶ
1030 4247 1173 4311 πλεῖστον
1206 4249 1409 4331 γεγωνίσκων

178 4337 313 4420 ὠφελεῖν
335 4361 370 4400 τι.

269 4445 341 4507 628.
365 4442 497 4528 θράξαι]
521 4445 638 4528 θρᾶξαι
661 4443 845 4508 Buttmann.
870 4443 977 4508 Cobet„
1002 4443 1096 4507 Dind.
1135 4445 1179 4508 Of.
1196 4443 1408 4510 Ρ1α1.Ρ5εού.

177 4553 206 4618 p.
221 4534 264 4596 86
277 4533 313 4597 Ε.
336 4533 406 4614 λέγε
427 4533 457 4595 τί
477 4531 516 4616 ἦν
534 4533 570 4596 τὸ
589 4534 624 4597 σέ
643 4532 684 4596 αὖ
703 4533 848 4615 θρᾶττον.
872 4532 965 4598 RheS.
981 4533 1054 4598 863.
1074 4535 1130 4596 καί
1147 4535 1176 4598 τί
1192 4558 1257 4614 μου
1278 4535 1408 4618 θράσσει

1175 4643 1192 4704 3
