3454 5280
566 1037 1036 1142 PRAEFATIO.

694 1291 908 1300 —--——

184 1513 191 1524 ·
275 1486 344 1551 Has
368 1488 402 1550 in
418 1487 615 1570 Aeschylum
639 1486 889 1570 observationes,
912 1487 1028 1570 partim
1044 1505 1132 1550 meas
1151 1487 1265 1570 partim
1280 1485 1417 1550 aliorum

188 1594 240 1658 bic
263 1593 310 1657 ibi
333 1613 470 1678 sparsas,
493 1595 639 1678 plurimis
661 1593 778 1657 abhinc
798 1594 890 1657 arinis
911 1599 1063 1658 annotare
1088 1599 1119 1657 et
1143 1593 1292 1676 colligere
1316 1595 1416 1677 coepi,

187 1701 404 1785 negligentius
427 1721 520 1785 saepo
544 1707 663 1766 elnon
687 1701 831 1765 consulto
854 1702 923 1784 ipso
938 1700 1077 1764 auctoris
1100 1706 1204 1782 textu,
1226 1706 1263 1764 ut
1286 1721 1305 1763 a
1326 1700 1416 1764 libris

188 1809 270 1872 meis
292 1809 404 1892 procul
427 1813 561 1872 amotus.
607 1807 702 1872 Unde
726 1827 792 1872 non
819 1809 938 1871 mirum
965 1807 1125 1872 ridebitur
1152 1809 1179 1871 si
1206 1809 1241 1870 in
1268 1808 1309 1871 iis
1337 1827 1416 1872 ncn-

189 1915 279 1979 nulla
289 1916 420 1980 levioris
435 1917 602 1998 momenti,
614 1915 769 1978 nonnulla
784 1935 896 1999 parum
913 1915 1065 1999 castigate
1081 1922 1112 1979 et
1127 1923 1274 1979 accurate
1290 1917 1416 1999 scripta,

188 2023 346 2086 nonnulla
368 2025 463 2087 etiarn
487 2028 591 2087 errata
613 2023 820 2107 reperiantur.
867 2019 969 2097 Quam
999 2021 1039 2086 ob
1067 2042 1196 2087 causam
1218 2024 1416 2106 propositum

188 2130 267 2192 milri
292 2136 361 2194 erat
383 2132 612 2195 accuratiorem
628 2149 740 2195 earum
763 2130 981 2194 recensionem
1005 2131 1108 2193 lacere
1122 2131 1310 2213 priusquam
1327 2135 1418 2214 typo-

185 2237 305 2322 grapho
330 2238 614 2301 committerentur.
661 2237 738 2319 Sed,
766 2256 866 2318 quum
893 2243 1019 2320 praeter
1051 2237 1115 2301 alia
1141 2237 1268 2320 negotia
1295 2255 1417 2320 preme-

187 2349 259 2407 rent
281 2341 410 2407 infirma
437 2343 586 2409 valetudo
614 2349 646 2408 et
673 2351 836 2421 senectus,
865 2344 987 2407 invitus
1015 2350 1143 2408 coactus
1171 2364 1243 2407 sum
1271 2363 1325 2408 eas
1351 2343 1416 2408 fero

186 2458 223 2514 ut
249 2451 388 2534 primum
421 2453 557 2535 scriptae
590 2457 682 2516 erant
713 2451 901 2534 relinquere.
948 2449 1067 2514 Multas
1099 2453 1297 2534 can‘ecturas
1331 2470 1417 2515 meas

187 2558 222 2620 in
245 2558 285 2621 iis
307 2560 484 2642 propositas
508 2558 548 2623 ab
571 2559 642 2622 aliis
665 2559 743 2622 viris
766 2560 887 2623 criticis
911 2559 1036 2622 interea
1060 2567 1229 2642 occupatas
1253 2578 1321 2623 esse
1344 2578 1416 2642 pro-

186 2664 292 2729 babile
319 2671 379 2730 est:
409 2666 495 2748 quod
522 2685 637 2730 moneo
666 2685 707 2730 ne
736 2667 809 2748 quis
836 2685 887 2730 me
916 2667 1053 2730 aliorum
1081 2667 1201 2730 scrinia
1228 2667 1416 2749 compilasse

186 2778 217 2836 et
239 2773 275 2836 in
298 2792 406 2837 meum
430 2774 532 2856 ipsius
559 2793 654 2836 risum
677 2775 829 2838 scientem
853 2775 1047 2838 convertisse
1075 2780 1171 2857 putet.
1219 2773 1415 2850 Qualescun-

186 2898 249 2962 que
286 2881 350 2944 sint
382 2880 442 2944 bae
474 2880 778 2960 animadversiones,
806 2899 897 2964 spero
933 2899 975 2944 ex
1007 2881 1048 2943 iis
1079 2880 1230 2944 lectorem
1259 2867 1415 2944 nonnulla

186 3005 269 3070 quae
297 2986 337 3050 ad
363 2993 524 3051 auctorem
553 2985 716 3051 difficilem
744 2993 776 3050 et
802 2986 954 3071 gravibus
983 2992 1091 3050 textus
1114 2987 1300 3071 corruptelis
1328 2986 1415 3051 labo-

185 3101 309 3157 rantem
332 3094 566 3158 emendandum
590 3100 622 3158 et
645 3094 868 3158 illustrandum
889 3095 1071 3158 conducant
1086 3101 1311 3178 excerptorum
1336 3113 1413 3158 esse.

275 3198 382 3276 Quum
413 3204 479 3285 jam
514 3220 614 3286 paene
652 3207 753 3266 totum
792 3202 942 3266 volumen
977 3202 1063 3286 typis
1102 3221 1288 3286 expressum
1324 3207 1414 3283 esset,

185 3328 301 3373 novam
335 3315 367 3373 et
399 3309 634 3393 diligentiorem
667 3311 762 3373 trium
797 3307 947 3374 Oresteae
978 3309 1157 3372 fabularum
1195 3309 1412 3373 recensionem

185 3417 289 3480 facere
312 3417 480 3497 constitui,
513 3417 560 3480 rei
592 3417 723 3480 criticae
754 3417 925 3500 praecipue
958 3418 1080 3480 ratione
1107 3415 1223 3479 babitu.
1270 3413 1355 3491 Quas
1379 3417 1412 3478 in

188 3521 267 3586 duas
293 3525 482 3606 posteriores
508 3523 634 3588 fabulas
667 3523 905 3588 observationes
928 3525 1063 3587 feceram
1088 3524 1121 3585 in
1145 3522 1312 3587 Addendis
1340 3543 1414 3605 sup-

187 3628 286 3712 plevi;
311 3632 448 3712 quasin
473 3634 748 3714 Agamemnonem
778 3631 813 3693 in
848 3630 1005 3714 singulari
1031 3633 1099 3713 ejus
1122 3629 1248 3694 fabulae
1274 3630 1413 3692 editione

187 3745 296 3817 qnam·
315 3756 403 3802 nunc
434 3757 510 3822 paro
539 3745 571 3802 et
599 3757 695 3820 quam
728 3740 873 3822 proxime
907 3739 941 3801 in
980 3739 1084 3802 lucem
1117 3739 1314 3822 prodituram
1347 3755 1415 3800 esse

185 3861 277 3928 spero
300 3864 483 3929 proponam.

275 3968 459 4034 Scribebam
481 3971 700 4054 Brightoniae,
723 3971 813 4034 Junii
838 3971 888 4034 die
914 3972 964 4032 27.
991 3971 1084 4034 1895.
